<record><leader>03619cam a2200529 i 4500</leader><controlfield tag="001">6755896</controlfield><controlfield tag="003">OCoLC</controlfield><controlfield tag="005">20141029064158.7</controlfield><controlfield tag="006">m     o  d        </controlfield><controlfield tag="007">cr |n|||||||||</controlfield><controlfield tag="008">141024s2015    enk     o     000 0 eng d</controlfield><datafield ind1=" " ind2=" " tag="020"><subfield code="a">1317938372</subfield><subfield code="q">electronic bk.</subfield></datafield><datafield ind1=" " ind2=" " tag="020"><subfield code="a">9781317938378</subfield><subfield code="q">electronic bk.</subfield></datafield><datafield ind1=" " ind2=" " tag="020"><subfield code="z">9780415721752 (hardback)</subfield></datafield><datafield ind1=" " ind2=" " tag="020"><subfield code="z">041572175X (hardback)</subfield></datafield><datafield ind1=" " ind2=" " tag="037"><subfield code="a">873048</subfield><subfield code="b">EBSCO</subfield></datafield><datafield ind1=" " ind2=" " tag="039"><subfield code="a">exclude</subfield></datafield><datafield ind1=" " ind2=" " tag="040"><subfield code="a">CaONFJC</subfield><subfield code="c">CaONFJC</subfield><subfield code="e">rda</subfield><subfield code="d">AEU</subfield></datafield><datafield ind1=" " ind2=" " tag="043"><subfield code="a">u-at---</subfield></datafield><datafield ind1=" " ind2="4" tag="050"><subfield code="a">KU354</subfield><subfield code="b">.W38 2015</subfield></datafield><datafield ind1="0" ind2="4" tag="082"><subfield code="a">342.9408/72</subfield><subfield code="2">23</subfield></datafield><datafield ind1=" " ind2=" " tag="084"><subfield code="a">HIS004000</subfield><subfield code="a">HIS039000</subfield><subfield code="a">LAW000000</subfield><subfield code="2">bisacsh</subfield></datafield><datafield ind1=" " ind2=" " tag="090"><subfield code="a">Internet Access</subfield><subfield code="b">AEU</subfield></datafield><datafield ind1="1" ind2=" " tag="100"><subfield code="a">Watson, Irene</subfield><subfield code="q">(Irene Margaret),</subfield><subfield code="e">author.</subfield></datafield><datafield ind1="1" ind2="0" tag="245"><subfield code="a">Aboriginal peoples, colonialism and international law</subfield><subfield code="h">[electronic resource] :</subfield><subfield code="b">raw law /</subfield><subfield code="c">Irene Watson.</subfield></datafield><datafield ind1=" " ind2="1" tag="264"><subfield code="a">Abingdon, Oxon ;</subfield><subfield code="a">New York, NY :</subfield><subfield code="b">Routledge,</subfield><subfield code="c">2015.</subfield></datafield><datafield ind1=" " ind2=" " tag="300"><subfield code="a">1 online resource.</subfield></datafield><datafield ind1=" " ind2=" " tag="336"><subfield code="a">text</subfield><subfield code="b">txt</subfield><subfield code="2">rdacontent</subfield></datafield><datafield ind1=" " ind2=" " tag="337"><subfield code="a">computer</subfield><subfield code="b">c</subfield><subfield code="2">rdamedia</subfield></datafield><datafield ind1=" " ind2=" " tag="338"><subfield code="a">online resource</subfield><subfield code="b">cr</subfield><subfield code="2">rdacarrier</subfield></datafield><datafield ind1="1" ind2=" " tag="490"><subfield code="a">Indigenous peoples and the law</subfield></datafield><datafield ind1=" " ind2=" " tag="500"><subfield code="a">Revision of author's thesis (doctoral - University of Adelaide, Dept. of Law, 2000) issued under title: Raw law : the coming of the Muldarbi and the path to its demise.</subfield></datafield><datafield ind1="0" ind2=" " tag="505"><subfield code="a">Introduction -- Kaldowinyeri -- Raw law, song, ceremony, ruwe : law in the margins -- Naked : the coming of the cloth -- Who's your mob? -- how are you related? -- Dressed to kill -- Indigenous ways : a future.</subfield></datafield><datafield ind1=" " ind2=" " tag="506"><subfield code="a">Access restricted to authorized users and institutions.</subfield></datafield><datafield ind1=" " ind2=" " tag="520"><subfield code="a">"This work is the first to assess the legality and impact of colonisation from the viewpoint of Aboriginal law, rather than from that of the dominant Western legal tradition. It begins by outlining the Aboriginal legal system as it is embedded in Aboriginal people's complex relationship with their ancestral lands. This is Raw Law : a natural system of obligations and benefits, flowing from an Aboriginal ontology. And this book places Raw Law at the centre of an analysis of colonization - thereby decentring the usual analytical tendency to privilege the dominant structures and concepts of Western law. From the perspective of Aboriginal law, colonisation was a violation of the code of political and social conduct embodied in Raw Law. Its effects were damaging. It forced Aboriginal peoples to violate their own principles of natural responsibility to self, community, country and future existence. But this book is not simply a work of mourning. Most profoundly, it is a celebration of the resilience of Aboriginal ways, and a call for these to be recognized as central in discussions of colonial and postcolonial legality"--</subfield><subfield code="c">Provided by publisher.</subfield></datafield><datafield ind1=" " ind2=" " tag="588"><subfield code="a">Description based on online resource; title from digital title page (viewed on October 24, 2014).</subfield></datafield><datafield ind1=" " ind2=" " tag="596"><subfield code="a">44</subfield></datafield><datafield ind1=" " ind2="0" tag="650"><subfield code="a">Aboriginal Australians</subfield><subfield code="x">Legal status, laws, etc.</subfield></datafield><datafield ind1=" " ind2="0" tag="650"><subfield code="a">Aboriginal Australians</subfield><subfield code="x">Legal status, laws, etc.</subfield><subfield code="x">Social aspects.</subfield></datafield><datafield ind1=" " ind2="0" tag="650"><subfield code="a">Indigenous peoples (International law)</subfield></datafield><datafield ind1=" " ind2="0" tag="650"><subfield code="a">Law, Aboriginal Australian.</subfield></datafield><datafield ind1=" " ind2="0" tag="650"><subfield code="a">Philosophy, Aboriginal Australian.</subfield></datafield><datafield ind1="1" ind2=" " tag="700"><subfield code="a">Watson, Irene</subfield><subfield code="q">(Irene Margaret).</subfield><subfield code="t">Raw law.</subfield></datafield><datafield ind1=" " ind2="0" tag="830"><subfield code="a">Indigenous peoples and the law.</subfield></datafield><datafield ind1="4" ind2="0" tag="856"><subfield code="3">University of Alberta Access</subfield><subfield code="u">http://search.ebscohost.com/login.aspx?direct=true&amp;scope=site&amp;db=nlebk&amp;db=nlabk&amp;AN=873048</subfield><subfield code="z">(Single User Access)</subfield></datafield><datafield ind1=" " ind2=" " tag="949"><subfield code="w">ORDER</subfield><subfield code="h">UAIN</subfield><subfield code="z">PDACOUTTS</subfield></datafield><datafield ind1=" " ind2=" " tag="926"><subfield code="a">Internet Access</subfield><subfield code="w">LC</subfield><subfield code="c">1</subfield><subfield code="i">6755896-1001</subfield><subfield code="l">INTERNET</subfield><subfield code="m">UAINTERNET</subfield><subfield code="r">Y</subfield><subfield code="s">Y</subfield><subfield code="t">E-RESOURCE</subfield><subfield code="u">12/9/2014</subfield><subfield code="x">E-BOOK</subfield><subfield code="z">PDAOWNED</subfield></datafield></record>